@inbook{
alexandrescu_2011_policybasedclassdesign, 
place={Boston, Mass}, 
title={{Modern C++ design: generic programming and design patterns applied}}, 
publisher={Addison-Wesley}, 
author={Alexandrescu, Andrei}, 
year={2011},
chapter={1},
} 

@article{Measuring_Throughput,
  author  = {Wesley Maness,Richard Reich}, 
  title   = {Measuring Throughput and the Impact of Cache-line Awareness},
  journal = {Overload Journal},
  year    = 2018,
  number  = 148,
  pages   = {27-31},
  month   = 12,
  volume  = 26
}

@article{cache_line_aware_datastructs,
  author  = {Wesley Maness,Richard Reich}, 
  title   = {Cache-Line Aware Data Structures},
  journal = {Overload Journal},
  organization = {ACCU},
  year    = 2018,
  number  = 146,
  pages = {4-7},
  month   = 8,
  volume  = 26
}

  @misc{poly_vec_github,
      title        = "poly::vector github repository",
      author       = "{Ferenc Nandor Janky}",
      howpublished = "\url{https://github.com/fecjanky/poly_vector}",
      year         = 2018,
      note         = "Accessed: 2020-09-18"
    }